=LDR  02400 am a22005533  4500
=001  006910418
=003  Uk
=005  20060516150122.0
=008  030605s2003\\\\nyuag\\\\b\\\\001\0\eng\\
=FMT  \\$a  MU
=010  \\$a2003012527
=016  \\$a006910418
=020  \\$a0415943914
=035  \\$a13225318
=040  \\$aDLC$cDLC$dDLC
=042  \\$apcc
=050  00$aMT55$b.B446 2003
=082  00$a781.2/86$221
=100  1\$aBenjamin, Thomas.
=245  14$aThe craft of tonal counterpoint /$cThomas Benjamin.
=250  \\$a2nd ed.
=260  \\$aNew York ;$aLondon :$bRoutledge,$c2003.
=300  \\$axxiv, 404 p. :$bill., music ;$c28 cm.
=336  \\$atext$2rdacontent
=337  \\$aunmediated$2rdamedia
=338  \\$avolume$2rdacarrier
=500  \\$aRev. ed. of: Counterpoint in the style of J.S. Bach. 1986.
=504  \\$aIncludes bibliographical references and index.
=505  0\$aLine and other elements of style -- Nonimitative two-voice writing -- Chromaticism in two voices -- Composition of binary dance forms -- Double (invertible) counterpoint -- Imitation, canon -- The two-voice invention -- Three-voice counterpoint I : texture, rhythm, harmony -- Three-voice counterpoint II : chromaticism, triple counterpoint, canon -- Fugue I -- Fugue II -- Four-voice counterpoint -- Variation forms -- Cantus firmus procedure : the chorale prelude.
=600  10$aBach, Johann Sebastian,$d1685-1750$xCriticism and interpretation.
=650  \0$aCounterpoint$vTextbooks.
=650  \0$aMusical analysis$vMusic collections.
=700  1\$aBenjamin, Thomas.$tCounterpoint in the style of J.S. Bach.
=700  12$aBach, Johann Sebastian,$d1685-1750.$tWorks.$kSelections.
=856  41$3Table of contents$uhttp://www.loc.gov/catdir/toc/ecip044/2003012527.html
=985  \\$aRecord amended for WR# 13/070
=CAT  \\$aCONV$b00$c20040502$lBLL01$h1203
=CAT  \\$a12271$b40$c20050428$lBLL01$h1626
=CAT  \\$a10500$b40$c20060516$lBLL01$h1501
=CAT  \\$aBATCH$b00$c20091207$lBLL01$h0318
=CAT  \\$aBATCH-UPD$b00$c20121114$lBLL01$h1700
=CAT  \\$aWR13_070$b00$c20130504$lBLL01$h0143
=CAT  \\$aWR16_021$c20160608$lBLL01$h1736
=CAT  \\$aBATCH-016$c20160905$lBLL01$h1704
=LDO  \\$aCIP
=SID  \\$aZ39$bOXFORD$c13225318
=SRC  \\$aLDS01$bbiblm.200404.2.aa
=STA  \\$aSUPPRESSED$bPreliminary Record
=LAS  \\$aBATCH-016$b00$c20160905$lBLL01$h1704

