=LDR  01408 as a2200349 i 4500
=001  016544174
=003  Uk
=005  20170220074101.0
=006  m\\\\\|\\d\|\\\\\\
=007  cr\|||||||||||
=008  131115d200u2007enkuu\p\o\\\\\0\\\a0eng\\
=FMT  \\$a  SE
=040  \\$aUk$beng$cUk$erda
=042  \\$aukblsr
=082  04$a371.3340942$223
=245  00$aICT update :$ban updating & alerting newsletter on ICT matters of strategic significance for senior LEA officers.
=246  3\$aInformation and communication technology update
=264  \1$aCoventry :$bBecta
=336  \\$atext$2rdacontent
=337  \\$acomputer$2rdamedia
=338  \\$aonline resource$2rdacarrier
=588  \\$aDescription based on: spring 2006 issue; title from PDF caption (National Archives snapshot taken on 23/09/2008).
=650  \0$aEducational technology$zGreat Britain$vPeriodicals.
=710  2\$aBritish Educational Communications and Technology Agency.
=856  40$3Spring 2006:$uhttp://webarchive.nationalarchives.gov.uk/20080923094502/http://foi.becta.org.uk/display.cfm?resID=35768
=CAT  \\$a10902$b40$c20131115$lBLL01$h0818
=CAT  \\$a11316$b40$c20140305$lBLL01$h1428
=CAT  \\$a7778$b40$c20170220$lBLL01$h0741
=CAT  \\$aW1711-1225$c20171203$lBLL01$h1054
=FIN  \\$aY$d20140305
=STA  \\$aSUPPRESSED$bunable to determine reason for suppression
=LAS  \\$aW1711-1225$b00$c20171203$lBLL01$h1054

