=LDR  02421 as a2200541 a 4500
=001  013647023
=003  Uk
=005  20120319122337.0
=006  m\\\\\\\\d\|\\\\\\
=007  cr||||||||||||
=008  070117u200uuuuuenkuu\p\o\s\\\0\\\a0eng\\
=015  \\$aGBA705402$2bnb
=040  \\$aUk$beng$cUk$dUk
=042  \\$aukblsr
=082  04$a368.410140941$222
=245  00$aEnglish, Scottish and Welsh COPD constituency statistics$h[electronic resource].
=246  3\$aEnglish, Scottish and Welsh chronic obstructive pulmonary disease constituency statistics
=260  \\$a[London] :$bDTI
=336  \\$atext$2rdacontent
=337  \\$acomputer$2rdamedia
=338  \\$aonline resource$2rdacarrier
=500  \\$aTitle from DTI web site (Reports & Publications) (viewed 17 Jan. 2007)
=500  \\$aDescription based on 31 Dec. 2006 issue.
=505  0\$aContents: English constituency statistics for COPD.- Scottish constituency statistics for COPD.- Welsh constituency statistics for COPD
=520  \\$a"Statistics of former British Coal health compensation liabilities for respiratory disease, broken down by constituency." - DTI website (Reports & Publications)
=538  \\$aMode of access: World Wide Web.
=538  \\$aSystem requirements: Adobe Acrobat Reader.
=650  \0$aCoal miners$xDiseases$zGreat Britain$vStatistics$vPeriodicals.
=650  \0$aHealth insurance claims$zGreat Britain$vStatistics$vPeriodicals.
=650  \0$aLungs$xDiseases, Obstructive$zGreat Britain$vStatistics$vPeriodicals.
=710  1\$aGreat Britain.$bDepartment of Trade and Industry.
=730  02$aEnglish constituency statistics for COPD
=730  02$aScottish constituency statistics for COPD
=730  02$aWelsh constituency statistics for COPD
=856  40$3Current issue$uhttp://www.dti.gov.uk/files/file29021.pdf?pubpdfdload=06%2F305RES
=985  \\$aRecord amended for WR# 13/070
=CAT  \\$a3072$b40$c20070117$lBLL01$h1708
=CAT  \\$a3072$b40$c20070118$lBLL01$h1010
=CAT  \\$a3072$b40$c20070118$lBLL01$h1159
=CAT  \\$a3072$b40$c20080528$lBLL01$h1518
=CAT  \\$a8201$b40$c20120319$lBLL01$h1223
=CAT  \\$aWR13_070$b00$c20130504$lBLL01$h0249
=CAT  \\$aW1711-1225$c20171203$lBLL01$h1025
=FIN  \\$aY$d20070118
=FMT  \\$a  SE
=LAS  \\$aW1711-1225$b00$c20171203$lBLL01$h1025
=STA  \\$aSUPPRESSED$bunable to determine reason for suppression
=TCO  \\$aCLA$bCLA$c008

