=LDR  02247 as a2200553 a 4500
=001  013647026
=003  Uk
=005  20120319122455.0
=006  m\\\\\\\\d\|\\\\\\
=007  cr||||||||||||
=008  070117u2006uuuuenkuu\p\o\s\\\0\\\a0eng\\
=015  \\$aGBA705403$2bnb
=040  \\$aUk$beng$cUk$dUk
=042  \\$aukblsr
=082  04$a368.410140941$222
=245  00$aEnglish, Scottish and Welsh VWF constituency statistics$h[electronic resource].
=246  3\$aEnglish, Scottish and Welsh vibration white finger constituency statistics
=260  \\$a[London] :$bDTI
=336  \\$atext$2rdacontent
=337  \\$acomputer$2rdamedia
=338  \\$aonline resource$2rdacarrier
=500  \\$aTitle from DTI web site (viewed on 17 Jan. 2007)
=500  \\$aDescription based on 31 Dec. 2006 issue.
=505  0\$aContents: English constituency statistics for VWF.- Scottish constituency statistics for VWF.- Welsh constituency statistics for VWF
=516  \\$aPDF format.
=538  \\$aMode of access: World Wide Web.
=538  \\$aSystem requirements: Adobe Acrobat Reader.
=650  \0$aCoal miners$xDiseases$zGreat Britain$vStatistics$vPeriodicals.
=650  \0$aHealth insurance claims$zGreat Britain$vStatistics$vPeriodicals.
=650  \0$aVibration syndrome$zGreat Britain$vStatistics$vPeriodicals.
=710  1\$aGreat Britain.$bDepartment of Trade and Industry.
=730  02$aEnglish constituency statistics for VWF
=730  02$aScottish constituency statistics for VWF
=730  02$aWelsh constituency statistics for VWF
=856  40$3Current issue$uhttp://www.dti.gov.uk/files/file29025.pdf
=985  \\$aRecord amended for WR# 13/070
=CAT  \\$a3072$b40$c20070117$lBLL01$h1731
=CAT  \\$a3072$b40$c20070117$lBLL01$h1734
=CAT  \\$a3072$b40$c20070118$lBLL01$h1010
=CAT  \\$a3072$b40$c20070118$lBLL01$h1159
=CAT  \\$aBATCH-UPD$b40$c20070723$lBLL01$h1646
=CAT  \\$a8201$b40$c20120319$lBLL01$h1224
=CAT  \\$aWR13_070$b00$c20130504$lBLL01$h0249
=CAT  \\$aW1711-1225$c20171203$lBLL01$h1025
=FIN  \\$aY$d20070118
=FMT  \\$a  SE
=LAS  \\$aW1711-1225$b00$c20171203$lBLL01$h1025
=STA  \\$aSUPPRESSED$bunable to determine reason for suppression
=TCO  \\$aCLA$bCLA$c008

