=LDR  02180cam a22004817a 4500
=001  015546951
=003  Uk
=005  20120103083946.0
=006  m\\\\\\\\d\\\\\\\\
=007  cr\cn|||||||||
=008  920513s2009\\\\ilu\\\\\sbf\\\001\0\eng\d
=FMT  \\$a  BK
=020  \\$a9780615273273 (v. 5)
=020  \\$a0615273270 (v. 5)
=020  \\$a9786612351532 (v. 5 : electronic)
=020  \\$a6612351535 (v. 5 : electronic)
=035  \\$a(OCoLC)500984747
=040  \\$aLGG$beng$cLGG$dOCLCQ
=100  10$aBruner, Gordon C.,$d1954-
=245  10$aMarketing scales handbook.$nv. 5 :$pA compilation of multi-item measures for consumer behavior & advertising research$h[electronic resource] /$cGordon C. Bruner II.
=246  30$aCompilation of multi-item measures for consumer behavior & advertising research
=250  \\$aLibrary ed.
=260  \\$aChicago, Ill., USA :$bAmerican Marketing Association,$c2009.
=300  \\$a1 online resource.
=336  \\$atext$2rdacontent
=337  \\$acomputer$2rdamedia
=338  \\$aonline resource$2rdacarrier
=500  \\$aMade available through MyiLibrary.
=504  \\$aIncludes bibliographical references and indexes.
=500  \\$aDescription based on version viewed Jan. 14, 2009; title from PDF of title page.
=650  \0$aMarketing research$xStatistical methods$vHandbooks, manuals, etc.
=650  \0$aScaling (Social sciences)$vHandbooks, manuals, etc.
=650  \0$aMarketing research$xStatistical methods.
=776  08$iPrint version:$aBruner, Gordon C., 1954-$tMarketing scales handbook. v. 5 : A compilation of multi-item measures for consumer behavior & advertising research.$bLibrary ed.$w(DLC) 92018858$dChicago, Ill., USA : American Marketing Association, 2009
=856  40$3MyiLibrary$uhttp://www.myilibrary.com?id=235153
=CAT  \\$a4861$b40$c20100505$lBLL01$h1328
=CAT  \\$a6550$b40$c20120103$lBLL01$h0839
=CAT  \\$aW1711-1225$c20171203$lBLL01$h1037
=CAT  \\$aBATCH-UPD$b00$c20171203$lBLL01$h1330
=CAT  \\$aW2308-1659$c20230923$lBLL01$h1055
=SID  \\$aZ39$bOCLC
=STA  \\$aSUPPRESSED$bunable to determine reason for suppression
=LAS  \\$aW2308-1659$b00$c20230923$lBLL01$h1055

