=LDR  04603 am a2200613 a 4500
=001  015688445
=003  Uk
=005  20210603074200.0
=008  081007s2000\\\\nyu\\\\\b\\\\\000\0\bel\d
=040  \\$aLHM$cLHM$dLHM$dUk
=041  0\$abel$apol$arus$aukr$ager
=245  00$aGerman occupation of the Belarus : Newspapers:$hcollection of National Library of Belarus [microforms] /
=246  3\$aNemet︠s︡kai︠a︡ okkupat︠s︡ii︠a︡ Belarusi:$bgazety iz fonda Nat︠s︡ionalʹnoĭ biblioteki Respubliki Belarus (mikrofishi).
=246  3\$a[Publications from the Belarusian National Library]:$h[microform].
=260  \\$aNew York, N.Y. :$bNorman Ross Publishing,$c[2000?].
=300  \\$a135 microfiches ;$c11 x 15 cm.
=336  \\$atext$2rdacontent
=337  \\$amicroform$2rdamedia
=338  \\$amicrofiche$2rdacarrier
=500  \\$aTitle supplied by cataloger.
=500  \\$aGuide to the collection prepared by the United States Holocaust Memorial Museum Library in 2008 available via World Wide Web.
=505  0\$aContents: Amtliches Verkündungsblatt (Baranowitsche) -- Amtsblatt des Generalkommissars für Weissruthenien (Minsk) -- Baranavickaja Hazeta (Baranavičy) -- Baranowitscher Zeitung (Baranowitsche) -- Belaruski Holas (Vilʹni︠a︡) -- Biełaruski Hołas (Wilnia) -- Belaruskae Slova (Vitsebsk) -- Belaruskai︠a︡ hazėta (Mensk)-- Belaruski Rabotnik (Bėrlin) -- Hazėta (Baranavichy) -- Hazėta Slychchyny (Slutsk) -- Haspadar. Rolnik (Belastok) -- Holas Vi︠o︡ski (Mensk) -- Za Praŭdu (Navahradak) -- Menskai︠a︡ hazėta (Mensk) -- Minsker Tageblatt (Minsk) -- Nasha Pratsa (Mensk) -- Novae z︠h︡ytstsi︠o︡ (Lelʹchytsy) -- Novai︠a︡ daroha (Belastok) -- Pahoni︠a︡ (Baranavichy) -- Ranitsa (Bėrlin) -- Slonimskai︠a︡ hazėta (Slonim) -- Slonimer kurier (Slonim) -- Sovetskai︠a︡ Belarusʹ -- Poslednie izvestii︠a︡ (Mogilev) -- Dobrovolet︠s︡ (Pskov) --Boevoĭ putʹ (Lepelʹ-Di︠a︡tlovo) -- Gazavat (Berlin) --Golos naroda (Lepelʹ) -- Za Rodinu (Pskov-Riga) -- Za Svobodu -- Zari︠a︡ (Berlin) -- Mozyrskie izvestii︠a︡ (Mozyrʹ) -- Na strazhe Rodiny (Bobruisk) -- Nashe slovo (Berestʹe) -- Novoe Slovo (Berlin).
=505  0\$aContents: Novyĭ putʹ (Baranovichi) -- Novyĭ putʹ (Bobruĭsk) -- Novyĭ putʹ (Borisov) -- Novyĭ putʹ (Vitebsk) -- Novyĭ putʹ (Klintsy) -- Novyĭ putʹ (Gomelʹ) -- Novyĭ putʹ (Lepelʹ) -- Novyĭ putʹ (Orsha) -- Novyĭ putʹ (Feldpost No. 30952) -- Novyĭ putʹ (Chėrvenʹ) -- Pinʹska hazeta (Pinʹsk) -- Plug i mech -- Rechʹ (Bobruĭsk) -- Rulʹ (Feldpost 38925) -- Severnoe slovo (Revelʹ) -- Frontovoĭ Listok Dli︠a︡ Dobrovolʹt︠s︡ev -- T︠S︡erkovnyĭ blagovest (Bobruĭsk) -- Grodnoer Zeitung (Grodno) -- Minsker Zeitung (Minsk ) -- Słonimski kurjer (Słonim) -- Slonimski kurʺer (Slonim) -- Zeitung des Grodnoer Soldatenrates (Grodno).
=520  \\$aConsists of three chiefly World War II and World War I-era newspaper collections assembled by Norman Ross Publishing from the holdings of the Belarusian National Library in alphabetical order.
=546  \\$aText in Belarusian, Polish, Russian, Ukrainian, and German.
=650  \0$aWorld War, 1939-1945$zBelarus$vPeriodicals
=650  \0$aNewspapers$zBelarus
=650  \0$aWorld War, 1914-1918$xCampaigns$zEastern Front$vPeriodicals.
=650  \0$aWorld War, 1939-1945$vPeriodicals.
=650  \0$aWorld War, 1914-1918$vPeriodicals
=651  \0$aBelarus$xHistory$yGerman occupation, 1941-1944$vPeriodicals.
=651  \0$aGermany$vPeriodicals.
=651  \0$aBelarus$vPeriodicals.
=856  42$3Title list and guide$uhttp://www.ushmm.org/research/library/pdf/belarusnewspapers.pdf
=CAT  \\$a11853$b40$c20101105$lBLL01$h1611
=CAT  \\$a11853$b40$c20101105$lBLL01$h1623
=CAT  \\$a11853$b40$c20101108$lBLL01$h1301
=CAT  \\$a11853$b40$c20101108$lBLL01$h1527
=CAT  \\$a11853$b40$c20101115$lBLL01$h1543
=CAT  \\$a11853$b40$c20101116$lBLL01$h1339
=CAT  \\$a11853$b40$c20101124$lBLL01$h1638
=CAT  \\$a11853$b40$c20101125$lBLL01$h1542
=CAT  \\$a11853$b40$c20110404$lBLL01$h1534
=CAT  \\$a11853$b40$c20110404$lBLL01$h1550
=CAT  \\$a6550$b40$c20150918$lBLL01$h1037
=CAT  \\$aWR14_185$c20160214$lBLL01$h1233
=CAT  \\$aWR14_185$c20160214$lBLL01$h1239
=CAT  \\$aW1711-1225$c20171203$lBLL01$h1040
=CAT  \\$a10932$b40$c20210603$lBLL01$h0742
=FIN  \\$aY$d20101105
=FMT  \\$a  BK
=LAS  \\$a10932$b40$c20210603$lBLL01$h0742
=SID  \\$aZ39$bOCLC
=STA  \\$aSUPPRESSED$bCatalogued separately now

