=LDR  02103aam a2200565 a 4500
=001  013811314
=003  Uk
=005  20140605123143.0
=008  070802s2008\\\\flu\\\\\\\\\\\000\0\eng\d
=010  \\$a2007026360  
=015  \\$aGBA762142$2bnb
=016  7\$a013811314$2Uk
=020  \\$a9781420051780 (hbk.) :$c£85.00
=020  \\$a1420051784 (hbk.) :$c£85.00
=040  \\$aStDuBDS$beng$cStDuBDS$dUk
=042  \\$aukblsr
=082  00$a620.31$222
=100  1\$aChen, Gang$c(Mechanical engineer)
=245  10$aFriction-induced vibrations and sound :$bprinciples and applications /$cGang Sheng.
=260  \\$aBoca Raton, Fla. :$bCRC ;$aLondon :$bTaylor & Francis [distributor],$cc2008.
=300  \\$axv, 408 p. ;$c26 cm.
=336  \\$atext$2rdacontent
=337  \\$aunmediated$2rdamedia
=338  \\$avolume$2rdacarrier
=500  \\$aFormerly CIP.$5Uk
=504  \\$aIncludes bibliographical references and index.
=650  \0$aVibration$xMathematical models.
=650  \0$aFriction$xMathematical models.
=650  \0$aMachinery$xSound.
=650  \0$aMachinery$xVibration.
=650  \0$aMachinery$xNoise.
=856  41$3Table of contents only$uhttp://www.loc.gov/catdir/toc/ecip0721/2007026360.html
=856  42$3Publisher description$uhttp://www.loc.gov/catdir/enhancements/fy0731/2007026360-d.html
=BUF  \\$aN$d20080129
=CAT  \\$aBATCH-CIP$b00$c20070807$lBLL01$h1701
=CAT  \\$aBATCH$b00$c20070807$lBLL01$h1703
=CAT  \\$aBATCH$b00$c20070807$lBLL01$h1709
=CAT  \\$aBATCH$b00$c20071017$lBLL01$h1409
=CAT  \\$aBATCH$b00$c20071017$lBLL01$h1415
=CAT  \\$a12324$b40$c20080129$lBLL01$h1554
=CAT  \\$a6550$b40$c20081111$lBLL01$h1603
=CAT  \\$aBATCH-UPD$b40$c20081111$lBLL01$h1603
=CAT  \\$aBATCH-BUOC$b00$c20110422$lBLL01$h0126
=CAT  \\$a10743$b40$c20140605$lBLL01$h1231
=CAT  \\$aWR16_021$c20160617$lBLL01$h1833
=CAT  \\$aW1711-1225$c20171203$lBLL01$h1027
=FIN  \\$aY$d20080129
=FMT  \\$a  BK
=LAS  \\$aW1711-1225$b00$c20171203$lBLL01$h1027
=STA  \\$aSUPPRESSED$bunable to determine reason for suppression

